|0000|LECD|01012006|31012006|ESTABELECIMENTO TESTE DIÁRIO AUXILIAR|00910509000171|SP|535054653118|3550308|111111||
|0001|0|
|0007|PR|1100002511|
|0007|SP|535054653118|
|0150|1-OS2328-PFJ010|PFJ EXTERIOR 010|00249||||EX||||||
|0180|10|01072005||
|0150|2-OS2328-PFJ009|PFJ 009|00105|77623163001712|||BA|01205921||2927408|||
|0180|09|01062005||
|0150|2-OS2328-PFJ011|PFJ EXTERIOR 011|00065||||EX||||||
|0180|11|01112005||
|0150|5-OS2328-PFJ001|PFJ EXTERIOR 001|00275||||EX||||||
|0180|01|01012005||
|0150|5-OS2328-PFJ002|PFJ EXTERIOR 002|00386||||EX||||||
|0180|02|01012005||
|0150|5-OS2328-PFJ003|PFJ EXTERIOR 003|00628||||EX||||||
|0180|03|10062004|31122007|
|0150|5-OS2328-PFJ004|PFJ 004|00105|61064911000177|||SP|535054653118||3550308|1122|SUFRAMA  |
|0180|04|15022004||
|0150|5-OS2328-PFJ005|PFJ 005|00105|77623163001046|||CE|68278110||2304400|||
|0180|05|20032004||
|0150|5-OS2328-PFJ006|PFJ 006|00105|00633417000191|||RJ|85554379||3304557|||
|0180|06|25032004||
|0150|5-OS2328-PFJ008|PFJ 008|00105|77623163000740|||DF|0733103800108||5300108|||
|0180|08|01052004|27012006|
|0990|25|
|I001|0|
|I010|A|1.00|
|I012|1|DIARIO COM RESCRITURAÇÃO RESUMIDA|0||
|I015|2328.1.0001|
|I030|TERMO DE ABERTURA|100|DIÁRIO AUXILIAR DE BANCOS|85|ESTABELECIMENTO TESTE DIÁRIO AUXILIAR|35300095618|00910509000171|01012000|20062000|SAO PAULO|
|I050|01012004|01|S|1|2328.1||BANCO DO BRASIL|
|I050|03012006|01|A|2|2328.1.0001|2328.1|AGENCIA A|
|I050|01012004|04|A|2|2328.10.0002|2328.1|AGÊNCIA B|
|I050|01012004|04|A|2|2328.10.0003|2328.1|AGÊNCIA C|
|I050|01012004|04|S|1|2328.11||BANCO 2|
|I050|01012004|04|A|2|2328.11.0001|2328.11|AGENCIA 1|
|I050|01012004|04|A|2|2328.11.0002|2328.11|AGENCIA 11|
|I075|232800|CHEQUE Nº|
|I075|232801|DÉBITO EM CONTA CORRENTE REFERENTE|
|I075|232802|DEPÓSITO Nº|
|I075|232803|CRÉDITO EM CONTA CORRENTE REFERENTE |
|I075|232804|CREDITOS DIVERSOS|
|I150|01012006|31012006|
|I155|2328.1.0001||50000,00|D|10000|10000|50000|D|
|I155|2328.11.0001||50000,00|C|0|0|50000|C|
|I200|101|02012006|10000,00|N|
|I250|2328.1.0001||10000,00|D|111|232803|RECEBIMENTO DE DUPLICATAS|5-OS2328-PFJ004|
|I200|102|03012006|10000,00|N|
|I250|2328.1.0001||5000,00|C|112|232800|38483|5-OS2328-PFJ001|
|I250|2328.1.0001||5000,00|C|112||DEVOLUÇÃO DE CHEQUE DEPOSITADO|5-OS2328-PFJ001|
|I990|26|
|J001|0|
|J900|TERMO DE ENCERRAMENTO|100|Escrituração Contábil Digital do Livro Diário Auxiliar|ESTABELECIMENTO TESTE DIÁRIO AUXILIAR|85|01012006|31012006|
|J930|Representante Contador|57287228815|Contador|900|1SP10734108|
|J930|Representante Legal da Empresa XYZ|00908442700|Diretor|203||
|J990|5|
|9001|0|
|9900|0000|1|
|9900|0001|1|
|9900|0007|2|
|9900|0150|10|
|9900|0180|10|
|9900|0990|1|
|9900|I001|1|
|9900|I010|1|
|9900|I012|1|
|9900|I015|1|
|9900|I030|1|
|9900|I050|7|
|9900|I075|5|
|9900|I150|1|
|9900|I155|2|
|9900|I200|2|
|9900|I250|3|
|9900|I990|1|
|9900|J001|1|
|9900|J900|1|
|9900|J930|2|
|9900|J990|1|
|9900|9001|1|
|9900|9900|26|
|9900|9990|1|
|9900|9999|1|
|9990|29|
|9999|85|
